% Encoding: UTF-8

@InProceedings{Buelnaetal2017,
  author    = {Buelna, Andrés and Lizárraga, Mayra L. and Amaro, Vidblain and Díaz-Ramirez, Arnoldo and Burtseva, Larysa},
  title     = {A Real-Time System Using the Preempt-{RT} patch and the RM, PIP and EDF scheduling policies},
  booktitle = {Nuevas Perspectivas en Robótica y Computación},
  year      = {2017},
  file      = {:projectBerkeley/Buelnaetal2017 - A Real-Time System Using the Preempt-RT patch and the RM, PIP and EDF scheduling policies.pdf:PDF},
}

@Article{Fayyad-Kazanetal2014,
  author    = {Fayyad-Kazan, Hasan and Perneel, Luc and Timmerman, Martin},
  title     = {Linux {PREEMPT}-{RT} v2.6.33 versus v3.6.6},
  journal   = {{ACM} {SIGBED} Review},
  year      = {2014},
  volume    = {11},
  number    = {1},
  pages     = {26--31},
  month     = {feb},
  abstract  = {Although Linux is a popular and widely used OS, the standard
Linux kernel fails to provide the timing guarantees required by},
  doi       = {10.1145/2597457.2597460},
  file      = {:projectBerkeley/Fayyad-Kazanetal2013 - Linux PREEMPT-RT v2.6.33 versus v3.6.6_ Better or worse for real-time applications.pdf:PDF},
  keywords  = {not. For this evaluation, a testing suite of five performance tests Real-time, Linux, PREEMPT-RT and one behaviour test are used. The performance tests are: thread},
  publisher = {Association for Computing Machinery ({ACM})},
}

@Misc{docker01,
  note      = {Docker Homepage},
  timestamp = {2018-08-08},
  url       = {https://www.docker.com},
}

@Misc{resin01,
  note      = {ResinOS download page},
  timestamp = {2018-08-08},
  url       = {https://resinos.io/#downloads},
}

@Misc{node01,
  note      = {Node package manager setup instructions},
  timestamp = {2018-08-08},
  url       = {https://github.com/nodesource/distributions},
}

@Misc{resin02,
  note      = {ResinOS setup and configuration instructions for NCU systems},
  timestamp = {2018-08-08},
  url       = {https://resinos.io/docs/intel-nuc/gettingstarted/},
}

@Misc{snap01,
  note      = {Snapcraft: snap homepage},
  timestamp = {2018-08-08},
  url       = {https://snapcraft.io/},
}

@Misc{ubuntu01,
  note      = {Ubuntu Getting started guide},
  timestamp = {2018-08-08},
  url       = {https://developer.ubuntu.com/core/get-started},
}

@Misc{atlassian01,
  note      = {Atlassian Homepage - SSH key generation instructions},
  timestamp = {2018-08-08},
  url       = {https://confluence.atlassian.com/bitbucketserver/creating-ssh-keys-776639788.html},
}

@Misc{ubuntu02,
  note      = {Ubuntu 16.04 Download mirror},
  timestamp = {2018-08-08},
  url       = {http://releases.ubuntu.com/16.04.4/},
}

@Misc{misc01,
  note      = {Free code camp - Kernel setup and compiling instructions},
  timestamp = {2018-08-08},
  url       = {https://medium.freecodecamp.org/building-and-installing-the-latest-linux-kernel-from-source-6d8df5345980},
}

@Misc{stress01,
  note      = {Stress - the stress testing tool},
  timestamp = {2018-08-08},
  url       = {http://people.seas.harvard.edu/~apw/stress/},
}

@Misc{docker02,
  note      = {Docker Homepage - The Docker reference manual},
  timestamp = {2018-08-08},
  url       = {https://docs.docker.com/reference/},
}

@Misc{docker03,
  note      = {Docker Homepage - The Docker Engine reference manual - RUN},
  timestamp = {2018-08-08},
  url       = {https://docs.docker.com/engine/reference/run/},
}

@Misc{tini01,
  note      = {Tini initialization daemon for containers - Git repository},
  timestamp = {2018-08-08},
  url       = {https://github.com/krallin/tini/tree/v0.18.0},
}

@Misc{docker04,
  note      = {Docker Homepage - Container configuration, limits for containers},
  timestamp = {2018-08-08},
  url       = {https://docs.docker.com/config/containers/resource_constraints/},
}

@Misc{lfnd01,
  note      = {The Linux Foundation - PREEMPT-RT limitations},
  timestamp = {2018-08-08},
  url       = {https://wiki.linuxfoundation.org/realtime/documentation/known_limitations#disabled-config_-options},
}

@Misc{resin03,
  note      = {resin.io - Documentation},
  timestamp = {2018-08-08},
  url       = {https://docs.resin.io},
}

@Misc{lrt01,
  note = {LinuxRealtime.org - Basic Linux from a Real-Time perspective},
  url  = {http://linuxrealtime.org/index.php/Basic_Linux_from_a_Real-Time_Perspective},
}

@Misc{docker05,
  note      = {Docker Homepage - Docker compose installation},
  timestamp = {2018-08-08},
  url       = {https://docs.docker.com/compose/install/},
}

@Misc{vbox01,
  note      = {VirtualBox Forum - VBox pinned to one Core in a MultiCore System (Linux Host)},
  timestamp = {2018-08-08},
  url       = {https://forums.virtualbox.org/viewtopic.php?p=45847},
}

@Misc{lrt02,
  note      = {LinuxRealtime.org - Improving the Real-Time Properties},
  timestamp = {2018-08-08},
  url       = {http://linuxrealtime.org/index.php/Improving_the_Real-Time_Properties},
}

@Misc{docker06,
  note      = {Docker Homepage - The Docker real-time scheduler},
  timestamp = {2018-08-08},
  url       = {https://docs.docker.com/config/containers/resource_constraints/#configure-the-realtime-scheduler},
}

@Misc{kernel01,
  note      = {Kernel.org - Scheduling CGroups in real-time},
  timestamp = {2018-08-08},
  url       = {https://www.kernel.org/doc/Documentation/scheduler/sched-rt-group.txt},
}

@Misc{kernel02,
  note      = {Kernel.org - Scheduling real-time with Deadlines},
  timestamp = {2018-08-08},
  url       = {https://www.kernel.org/doc/Documentation/scheduler/sched-deadline.txt},
}

@Misc{schtools01,
  note      = {Standard Linux scheduler Tools - Github repository},
  timestamp = {2018-08-08},
  url       = {https://github.com/scheduler-tools},
}

@Misc{wiki01,
  note      = {Wikipedia - SCHED\_DEADLINE},
  timestamp = {2018-08-08},
  url       = {https://en.wikipedia.org/wiki/SCHED_DEADLINE},
}

@Misc{xen01,
  note      = {Xen Project Homepage - Schedulers},
  timestamp = {2018-08-08},
  url       = {https://wiki.xenproject.org/wiki/Xen_Project_Schedulers},
}

@Misc{amazon01,
  note      = {Amazon AWS User guide - The C5 instance},
  timestamp = {2018-08-08},
  url       = {https://aws.amazon.com/ec2/instance-types/c5/},
}

@Misc{gitrepo,
  note = {Git repository for the real-time containers' project - Antonio Iannopollo},
  url  = {https://github.com/ianno/real-time-containers},
}

@Misc{lwn01,
  note = {Linux Kernel documentation - Cpu-hotplug},
  url  = {https://lwn.net/Articles/537570/},
}

@Misc{ubuntu03,
  note      = {Ubuntu One - Sign in and Sign up},
  timestamp = {2018-09-12},
  url       = {https://login.ubuntu.com},
}

@Misc{lfnd02,
  note = {Linux Foundation - RT-Summit 2018},
  url  = {https://wiki.linuxfoundation.org/realtime/events/rt-summit2018/start},
}

@Misc{stress02,
  note = {Stress-ng - the next generation stress testing tool},
  url  = {http://kernel.ubuntu.com/~cking/stress-ng/},
}

@Book{Buttazzo2011,
  title         = {Hard real-time computing systems: predictable scheduling algorithms and applications},
  publisher     = {Springer Science \& Business Media},
  year          = {2011},
  author        = {Buttazzo, Giorgio C},
  volume        = {24},
  __markedentry = {[florianhofer:6]},
}

@InProceedings{Abeni1998,
  author        = {Abeni, Luca and Buttazzo, Giorgio},
  title         = {Integrating multimedia applications in hard real-time systems},
  booktitle     = {Real-Time Systems Symposium, 1998. Proceedings. The 19th IEEE},
  year          = {1998},
  pages         = {4--13},
  organization  = {IEEE},
  __markedentry = {[florianhofer:6]},
}

@Article{Sha2004,
  author        = {Sha, Lui and Abdelzaher, Tarek and {\AA}rz{\'e}n, Karl-Erik and Cervin, Anton and Baker, Theodore and Burns, Alan and Buttazzo, Giorgio and Caccamo, Marco and Lehoczky, John and Mok, Aloysius K},
  title         = {Real time scheduling theory: A historical perspective},
  journal       = {Real-time systems},
  year          = {2004},
  volume        = {28},
  number        = {2-3},
  pages         = {101--155},
  __markedentry = {[florianhofer:6]},
  publisher     = {Kluwer Academic Publishers},
}

@Book{Stankovic2012,
  title         = {Deadline scheduling for real-time systems: EDF and related algorithms},
  publisher     = {Springer Science \& Business Media},
  year          = {2012},
  author        = {Stankovic, John A and Spuri, Marco and Ramamritham, Krithi and Buttazzo, Giorgio C},
  volume        = {460},
  __markedentry = {[florianhofer:6]},
}

@Article{Stankovic1995,
  author        = {Stankovic, John A and Spuri, Marco and Di Natale, Marco and Buttazzo, Giorgio C},
  title         = {Implications of classical scheduling results for real-time systems},
  journal       = {Computer},
  year          = {1995},
  volume        = {28},
  number        = {6},
  pages         = {16--25},
  __markedentry = {[florianhofer:6]},
  publisher     = {IEEE},
}

@Article{Spuri1996,
  author        = {Spuri, Marco and Buttazzo, Giorgio},
  title         = {Scheduling aperiodic tasks in dynamic priority systems},
  journal       = {Real-Time Systems},
  year          = {1996},
  volume        = {10},
  number        = {2},
  pages         = {179--210},
  __markedentry = {[florianhofer:6]},
  publisher     = {Springer},
}

@Article{Abeni2004,
  author        = {Abeni, Luca and Buttazzo, Giorgio},
  title         = {Resource reservation in dynamic real-time systems},
  journal       = {Real-Time Systems},
  year          = {2004},
  volume        = {27},
  number        = {2},
  pages         = {123--167},
  __markedentry = {[florianhofer:6]},
  publisher     = {Springer},
}

@InProceedings{Gai2001,
  author        = {Gai, Paolo and Abeni, Luca and Giorgi, Massimiliano and Buttazzo, Giorgio},
  title         = {A new kernel approach for modular real-time systems development},
  booktitle     = {Real-Time Systems, 13th Euromicro Conference on, 2001.},
  year          = {2001},
  pages         = {199--206},
  organization  = {IEEE},
  __markedentry = {[florianhofer:6]},
}

@Article{Buttazzo2013,
  author        = {Buttazzo, Giorgio C and Bertogna, Marko and Yao, Gang},
  title         = {Limited preemptive scheduling for real-time systems. a survey},
  journal       = {IEEE Transactions on Industrial Informatics},
  year          = {2013},
  volume        = {9},
  number        = {1},
  pages         = {3--15},
  __markedentry = {[florianhofer:6]},
  publisher     = {IEEE},
}

@Article{Pedreiras2005,
  author        = {Pedreiras, Paulo and Gai, Paolo and Almeida, Lu{\'\i}s and Buttazzo, Giorgio C},
  title         = {FTT-Ethernet: a flexible real-time communication protocol that supports dynamic QoS management on Ethernet-based systems},
  journal       = {IEEE Transactions on industrial informatics},
  year          = {2005},
  volume        = {1},
  number        = {3},
  pages         = {162--172},
  __markedentry = {[florianhofer:6]},
  publisher     = {IEEE},
}

@Article{Bini2008,
  author        = {Bini, Enrico and Di Natale, Marco and Buttazzo, Giorgio},
  title         = {Sensitivity analysis for fixed-priority real-time systems},
  journal       = {Real-Time Systems},
  year          = {2008},
  volume        = {39},
  number        = {1-3},
  pages         = {5--30},
  __markedentry = {[florianhofer:6]},
  publisher     = {Springer},
}

@Article{Buttazzo2006,
  author        = {Buttazzo, Giorgio},
  title         = {Research trends in real-time computing for embedded systems},
  journal       = {ACM SIGBED Review},
  year          = {2006},
  volume        = {3},
  number        = {3},
  pages         = {1--10},
  __markedentry = {[florianhofer:6]},
  publisher     = {ACM},
}

@InProceedings{Bini2005,
  author        = {Bini, Enrico and Buttazzo, Giorgio and Lipari, Giuseppe},
  title         = {Speed modulation in energy-aware real-time systems},
  booktitle     = {Real-Time Systems, 2005.(ECRTS 2005). Proceedings. 17th Euromicro Conference on},
  year          = {2005},
  pages         = {3--10},
  organization  = {IEEE},
  __markedentry = {[florianhofer:6]},
}

@InProceedings{Cervin2004,
  author        = {Cervin, Anton and Lincoln, Bo and Eker, Johan and Arz{\'e}n, Karl-Erik and Buttazzo, Giorgio},
  title         = {The jitter margin and its application in the design of real-time control systems},
  booktitle     = {Proceedings of the 10th International Conference on Real-Time and Embedded Computing Systems and Applications},
  year          = {2004},
  pages         = {1--9},
  organization  = {Gothenburg, Sweden},
  __markedentry = {[florianhofer:6]},
}

@Article{Buttazzo2005,
  author        = {Buttazzo, Giorgio C},
  title         = {Rate monotonic vs. EDF: judgment day},
  journal       = {Real-Time Systems},
  year          = {2005},
  volume        = {29},
  number        = {1},
  pages         = {5--26},
  __markedentry = {[florianhofer:6]},
  publisher     = {Springer},
}

@Article{Bini2005a,
  author        = {Bini, Enrico and Buttazzo, Giorgio C},
  title         = {Measuring the performance of schedulability tests},
  journal       = {Real-Time Systems},
  year          = {2005},
  volume        = {30},
  number        = {1-2},
  pages         = {129--154},
  __markedentry = {[florianhofer:6]},
  publisher     = {Springer},
}

@InProceedings{Buttazzo1998,
  author        = {Buttazzo, Giorgio C and Lipari, Giuseppe and Abeni, Luca},
  title         = {Elastic task model for adaptive rate control},
  booktitle     = {Real-Time Systems Symposium, 1998. Proceedings. The 19th IEEE},
  year          = {1998},
  pages         = {286--295},
  organization  = {IEEE},
  __markedentry = {[florianhofer:6]},
}

@Book{Buttazzo2005a,
  title         = {Soft Real-Time Systems},
  publisher     = {Springer},
  year          = {2005},
  author        = {Buttazzo, Giorgio and Lipari, Giuseppe and Abeni, Luca and Caccamo, Marco},
  __markedentry = {[florianhofer:6]},
}

@InProceedings{Caccamo2002,
  author        = {Caccamo, Marco and Zhang, Lynn Y and Sha, Lui and Buttazzo, Giorgio},
  title         = {An implicit prioritized access protocol for wireless sensor networks},
  booktitle     = {Real-Time Systems Symposium, 2002. RTSS 2002. 23rd IEEE},
  year          = {2002},
  pages         = {39--48},
  organization  = {IEEE},
  __markedentry = {[florianhofer:6]},
}

@InProceedings{Spuri1994,
  author        = {Spuri, Marco and Buttazzo, Giorgio C},
  title         = {Efficient Aperiodic Service Under Earliest Deadline Scheduling.},
  booktitle     = {RTSS},
  year          = {1994},
  pages         = {2--11},
  __markedentry = {[florianhofer:6]},
}

@Comment{jabref-meta: databaseType:bibtex;}
