../../../bib/paper3.bib